@article{Hoos:2000:SatLib,
  author = {Hoos, Holger and Stützle, Thomas},
  title = {{SATLIB}: An Online Resource for Research on {SAT}},
  year = {2000}
} 

@misc{SatLibWeb,
  author = {Hoos, Holger and Stützle, Thomas},
  title = {SATLIB},
  howpublished = {\url{http://www.cs.ubc.ca/~hoos/SATLIB/index-ubc.html}},
  note = {Accessed: 2017-04-17}
}

@misc{SatCompWeb,
  title = {{SAT} Competitions},
  howpublished = {\url{http://satcompetition.org/}},
  note = {Accessed: 2017-04-17}
}

@misc{GbdRepo,
  title = {{GBD} Public Repository},
  howpublished = {\url{git@git.scc.kit.edu:fv2117/gbd.git}},
  note = {Accessed: 2017-04-17}
}

@article{Hoos:2016:Aslib,
  author    = {Bernd Bischl and
               Pascal Kerschke and
               Lars Kotthoff and
               Marius Thomas Lindauer and
               Yuri Malitsky and
               Alexandre Fr{\'{e}}chette and
               Holger H. Hoos and
               Frank Hutter and
               Kevin Leyton{-}Brown and
               Kevin Tierney and
               Joaquin Vanschoren},
  title     = {ASlib: {A} benchmark library for algorithm selection},
  journal   = {Artif. Intell.},
  volume    = {237},
  pages     = {41--58},
  year      = {2016}
}

@article{Balyo:2016:SATRace,
  author    = {Tom{\'{a}}s Balyo and
               Armin Biere and
               Markus Iser and
               Carsten Sinz},
  title     = {{SAT} {R}ace 2015},
  journal   = {Artif. Intell.},
  volume    = {241},
  pages     = {45--65},
  year      = {2016},
  url       = {https://doi.org/10.1016/j.artint.2016.08.007},
  doi       = {10.1016/j.artint.2016.08.007},
  timestamp = {Thu, 28 Dec 2017 16:12:02 +0100},
  biburl    = {https://dblp.org/rec/bib/journals/ai/BalyoBIS16},
  bibsource = {dblp computer science bibliography, https://dblp.org}
}
